<record><leader>00000cas a22000007a 4500</leader><controlfield tag="001">12129872</controlfield><controlfield tag="008">850607c19uu9999njuwr ne      0    0eng d</controlfield><datafield ind1=" " ind2=" " tag="010"><subfield code="a">sn 85035789 </subfield></datafield><datafield ind1=" " ind2=" " tag="040"><subfield code="a">NPA</subfield><subfield code="b">eng</subfield><subfield code="c">NPA</subfield><subfield code="d">OCLCQ</subfield></datafield><datafield ind1=" " ind2=" " tag="042"><subfield code="a">msc</subfield></datafield><datafield ind1="0" ind2=" " tag="130"><subfield code="a">Valley star (Englewood, N.J.)</subfield></datafield><datafield ind1="1" ind2="4" tag="245"><subfield code="a">The valley star.</subfield></datafield><datafield ind1=" " ind2=" " tag="260"><subfield code="a">Englewood, N.J. :</subfield><subfield code="b">Palisades Communications, Inc.</subfield></datafield><datafield ind1=" " ind2=" " tag="300"><subfield code="a">v. :</subfield><subfield code="b">ill. ;</subfield><subfield code="c">58 cm.</subfield></datafield><datafield ind1=" " ind2=" " tag="310"><subfield code="a">Weekly</subfield></datafield><datafield ind1=" " ind2=" " tag="500"><subfield code="a">Published by Holiday Communications, Inc., Feb. 18, 1982-</subfield></datafield><datafield ind1=" " ind2=" " tag="588"><subfield code="a">Description based on: Vol. 55, no. 17 (May 1, 1975).</subfield></datafield><datafield ind1=" " ind2=" " tag="752"><subfield code="a">United States</subfield><subfield code="b">New Jersey</subfield><subfield code="c">Bergen</subfield><subfield code="d">Englewood.</subfield></datafield></record>